@online{fandu_uk,
  author = {Fandu Holdings Ltd.},
  title = {Fandu.UK},
  year = {2015},
  url = {http://www.fandu.uk/claims},
  urldate = {2017-06-14}
}
@online{wsgp_claims,
  author = {Warranty Solutions},
  title = {Raportul avariilor},
  year = {2015},
  url = {http://wsgp.co.uk/claims/},
  urldate = {2017-06-14}
}
@online{media_galaxy,
    author = {Altex Romania S.R.L.},
    title = {Regulament Mobile Protect},
    url = {https://mediagalaxy.ro/regulament-mobile-protect},
    urldate = {2017-06-14}
}
@online{aws,
    author = {Amazon},
    title = {Amazon Web Services S3},
    url = {https://aws.amazon.com/s3/},
    urldate = {2017-06-14}
}
@online{xservers,
    author = {S.C. CLAX TELECOM SRL},
    url = {https://www.xservers.ro/},
    title = {Hosting | Servere dedicate | VPS - xServers},
    urldate = {2017-06-14}
}
@online{veracrypt,
    author = {IDRIX},
    url = {https://www.veracrypt.fr/en/Home.html},
    title = {VeraCrypt \- Free Open source disk encryption with strong security for the Paranoid},
    urldate = {2017-06-14}
}
@online{laravel,
    author = {TAYLOR OTWELL},
    url = {https://laravel.com/},
    title = {Laravel - The PHP Framework For Web Artisans},
    urldate = {2017-06-14}
}
@online{laravel_complexity,
    author = {Taylor Otwell},
    url = {https://twitter.com/taylorotwell/status/817494232541839367},
    title = {Taylor Otwell on Twitter: "Average cyclomatic complexity per method},
    urldate = {2017-01-07}
}
@online{hotframeworks,
    author = {HotFrameworks},
    url = {https://hotframeworks.com/},
    title = {Web framework rankings},
    urldate = {2017-06-14}
}
@book{TheInformationRevolution,
    author = {J. R. Okin.},
    title = {The Information Revolution},
    publisher = {Ed. Ironbound Press},
    year = {2005},
    ISBN = {0-9763857-4-0}
}
@book{cgi,
    author = {Nelson, Anne and Nelson, William},
    title = {Building Electronic Commerce with Web-Driven Databases with Cdrom},
    year = {2001},
    isbn = {020174130X},
    edition = {1st},
    publisher = {Addison-Wesley Longman Publishing Co., Inc.},
    address = {Boston, MA, USA},
}
@online{php_code,
    author = {Rasmus Lerdorf},
    title = {Rasmus Lerdorf, Senior Technical Yahoo: PHP, Behind the Mic},
    url = {https://web.archive.org/web/20130728125152/http://itc.conversationsnetwork.org/shows/detail58.html},
    urldate = {2003-11-19}
}
@online{php_supported_versions,
    author = {The PHP Group},
    title = {PHP: Supported Versions},
    url = {http://php.net/supported-versions.php}
}
@book{mercurial,
    author = {O'Sullivan, Bryan},
    title = {Mercurial: the Definitive Guide},
    publisher = {Sebastopol: O'Reilly Media, Inc.},
    year = {2009},
    ISBN = {9780596555474}
}
@book{git,
    author = {Scopatz, Anthony; Huff, Kathryn D.},
    title = {Effective Computation in Physics},
    publisher = {O'Reilly Media, Inc.},
    year = {2015},
    ISBN = {9781491901595},
    page = {351},
    lastchecked = {2016-04-20}
}
@online{git_csv,
    author = {Stack Overflow},
    title = {Stack Overflow Developer Survey 2015},
    url = {https://insights.stackoverflow.com/survey/2015\#tech-sourcecontrol},
    urldate = {2016-10-01}
}
@online{github,
    author = {Alex William},
    title = {GitHub Pours Energies into Enterprise. Raises \$100 Million From Power VC Andreessen Horowitz},
    url = {http://techcrunch.com/2012/07/09/github-pours-energies-into-enterprise-raises-100-million-from-power-vc-andreesen-horowitz/},
    urldate = {2012-07-09}
}
@online{laravel_collective_forms,
    author = {Adam Engebretson},
    title = {Forms \& HTML},
    url = {https://laravelcollective.com/docs/master/html},
    urldate = {2017-06-14}
}
@online{laravel_collective_about,
    author = {Adam Engebretson},
    title = {About The Collective},
    url = {https://laravelcollective.com/about},
    urldate = {2017-06-14}
}
@book{laravel_book,
    author = {Martin Bean},
    title = {Laravel 5 Essentials},
    publisher = {books.google.com},
    year = {2015},
    ISBN = {978-1785283017},
    lastchecked = {2015-09-02}
}
@book{poo_sa,
    author = {Frank Buschmann},
    title = {Pattern-Oriented Software Architecture},
    publisher = {Wiley},
    edition = {Volume 1},
    year = {1996},
    ISBN = {978-0471958697},
    lastchecked = {2017-06-14}
}
